@book{sangfor:product-slide,
    author  = {Sangfor},
    title   = {Slide della presentazione del prodotto},
    year    = {2023}
}

@book{sangfor:policy-parameter,
    author  = {Sangfor},
    title   = {Parameter specification of CyberCommand response actions},
    year    = {2023},
    month   = {03}
}

@book{sangfor:policy-edr-integration,
    author  = {Sangfor},
    title   = {Best Practices for Configuration - How to Correlate with Endpoint Sec},
    year    = {2023},
    month   = {04}
}

@book{sangfor:policy-training,
    author  = {Sangfor},
    title   = {Sangfor CyberCommand Playbook Policy Training},
    year    = {2023},
    month   = {04}
}

@book{sangfor:rest-api,
    author  = {Sangfor},
    title   = {Sangfor Cyber Command Restful API to 3rd Party},
    year    = {2023},
    month   = {04}
}

@online{site:wtc,
    title   = {Wintech},
    url     = {https://www.wintech.it/},
    year    = {2023},
    month   = {09},

}

@online{site:wtc-security,
    title   = {Security - Wintech SPA},
    url     = {https://www.wintech.it/innoviamo/che-innovazione-cerchi/security/},
    year    = {2023},
    month   = {09},

}

@online{site:wtc-cloud,
    title   = {Cloud - Wintech SPA},
    url     = {https://www.wintech.it/cloud/},
    year    = {2023},
    month   = {09},
}

@online{site:wtc-dati,
    title   = {I nostri plus - Wintech SPA},
    url     = {https://www.wintech.it/siamo/i-nostri-plus/},
    year    = {2023},
    month   = {09},
}

@online{site:wtc-collab,
    title   = {Social Collaboration \& Mobility - Wintech SPA},
    url     = {https://www.wintech.it/innoviamo/che-innovazione-cerchi/social-collaboration-mobility/   },
    year    = {2023},
    month   = {09},
}

@online{site:wtc-digital,
    title   = {Digital Transformation - Wintech SPA},
    url     = {https://www.wintech.it/innoviamo/che-innovazione-cerchi/digital-transformation/},
    year    = {2023},
    month   = {09},
}

@online{site:wtc-elearning,
    title   = {E-Learning \& Video Communication - Wintech SPA},
    url     = {https://www.wintech.it/innoviamo/che-innovazione-cerchi/e-learning-video-communication/},
    year    = {2023},
    month   = {09},
}

@online{site:wtc-erp,
    title   = {ERP e Applicazioni Gestionali},
    url     = {https://www.wintech.it/innoviamo/che-innovazione-cerchi/erp-e-applicazioni-gestionali/},
    year    = {2023},
    month   = {09}
}

@online{site:cloudflare-slowloris,
    title   = {Slowloris HTTP DoS | Cloudflare},
    url     = {https://www.cloudflare.com/learning/ddos/slowloris-ddos-attack/},
    year    = {2023},
    month   = {07}
}

@online{site:cloudflare-dns-amplification,
    title   = {DNS amplification DDoS Attack | Cloudflare},
    url     = {https://www.cloudflare.com/learning/ddos/dns-amplification-ddos-attack/},
    year    = {2023},
    month   = {07}
}

@online{site:paloalto-dns-sinkhole,
    title   = {DNS Sinkholing},
    url     = {https://docs.paloaltonetworks.com/pan-os/9-1/pan-os-admin/threat-prevention/use-dns-queries-to-identify-infected-hosts-on-the-network/dns-sinkholing},
    year    = {2023},
    month   = {07}
}

@online{site:cloudflare-quic,
    title   = {The Road to QUIC},
    url     = {https://blog.cloudflare.com/the-road-to-quic/},
    year    = {2023},
    month   = {07}
}

@online{site:mitre-attck,
    title   = {MITRE ATT\&CK},
    url     = {https://attack.mitre.org/},
    year    = {2023},
    month   = {09}
}

@online{site:sangfor-cybercommand,
    title   = {Cyber Command | NDR | Cyber Threat Hunting},
    url     = {https://www.sangfor.com/cybersecurity/products/cyber-command-ndr-network-detection-and-response},
    year    = {2023},
    month   = {09}
}

@online{site:sangfor-neural-x,
    title   = {Neural-X Threat Intelligence Platform | Sangfor},
    url     = {https://www.sangfor.com/cybersecurity/innovations/neural-x},
    year    = {2023},
    month   = {09}
}

@online{site:paloalto-dga,
    title   = {Threat Brief: Understanding Domain Generation Algorithms (DGA)},
    url     = {https://unit42.paloaltonetworks.com/threat-brief-understanding-domain-generation-algorithms-dga/},
    year    = {2023},
    month   = {07}
}

@online{forum:sangfor-community,
    title   = {Sangfor Community},
    url     = {https://community.sangfor.com/plugin.php?id=index:index},
    year    = {2023},
    month   = {07}
}

@online{site:qsnatch-dga,
    title   = {QSnatch Data-Stealing Malware Infected Over 62,000 QNAP NAS Devices},
    url     = {https://thehackernews.com/2020/07/qnap-nas-malware-attack.html},
    year    = {2023},
    month   = {09}
}